@online{datarevo,
	author = {Ben Rossi},
	title = {Data revolution: the gold rush of the 21st century},
	date = {21.August.2015},
	url = {http://www.information-age.com/data-revolution-gold-rush-21st-century-2-123460039/},
}
@article{sweeney2002k,
	title={k-anonymity: A model for protecting privacy},
	author={Sweeney, Latanya},
	journal={International Journal of Uncertainty, Fuzziness and Knowledge-Based Systems},
	volume={10},
	number={05},
	pages={557--570},
	year={2002},
	publisher={World Scientific}
}

@article{sweeney2002achieving,
	title={Achieving k-anonymity privacy protection using generalization and suppression},
	author={Sweeney, Latanya},
	journal={International Journal of Uncertainty, Fuzziness and Knowledge-Based Systems},
	volume={10},
	number={05},
	pages={571--588},
	year={2002},
	publisher={World Scientific}
}

@inproceedings{ldiversity,
	title={l-diversity: Privacy beyond k-anonymity},
	author={Machanavajjhala, Ashwin and Gehrke, Johannes and Kifer, Daniel and Venkitasubramaniam, Muthuramakrishnan},
	booktitle={Data Engineering, 2006. ICDE'06. Proceedings of the 22nd International Conference on},
	pages={24--24},
	year={2006},
	organization={IEEE}
}

@inproceedings{li2007t,
	title={t-closeness: Privacy beyond k-anonymity and l-diversity},
	author={Li, Ninghui and Li, Tiancheng and Venkatasubramanian, Suresh},
	booktitle={Data Engineering, 2007. ICDE 2007. IEEE 23rd International Conference on},
	pages={106--115},
	year={2007},
	organization={IEEE}
}

@article{maheshwarkar2011privacy,
	title={Privacy issues for k-anonymity model},
	author={Maheshwarkar, Nidhi and Pathak, Kshitij and Chourey, Vivekanand},
	journal={International Journal of Engineering Research and Application},
	volume={1},
	number={4},
	pages={1857--1861},
	year={2011}
}
@inproceedings{meyerson2004complexity,
	title={On the complexity of optimal k-anonymity},
	author={Meyerson, Adam and Williams, Ryan},
	booktitle={Proceedings of the twenty-third ACM SIGMOD-SIGACT-SIGART symposium on Principles of database systems},
	pages={223--228},
	year={2004},
	organization={ACM}
}

@article{rubner2000earth,
	title={The earth mover's distance as a metric for image retrieval},
	author={Rubner, Yossi and Tomasi, Carlo and Guibas, Leonidas J},
	journal={International journal of computer vision},
	volume={40},
	number={2},
	pages={99--121},
	year={2000},
	publisher={Springer}
}

@article{kullback1951,
	author = "Kullback, S. and Leibler, R. A.",
	doi = "10.1214/aoms/1177729694",
	fjournal = "The Annals of Mathematical Statistics",
	journal = "Ann. Math. Statist.",
	month = "03",
	number = "1",
	pages = "79--86",
	publisher = "The Institute of Mathematical Statistics",
	title = "On Information and Sufficiency",
	url = "https://doi.org/10.1214/aoms/1177729694",
	volume = "22",
	year = "1951"
}
