
@techreport{gedik2004customizable,
  title={A customizable k-anonymity model for protecting location privacy},
  author={Gedik, Bugra and Liu, Ling},
  year={2004},
  institution={Georgia Institute of Technology}
}


@inproceedings{xu2008publishing,
  title={Publishing sensitive transactions for itemset utility},
  author={Xu, Yabo and Fung, Benjamin CM and Wang, Ke and Fu, Ada WC and Pei, Jian},
  booktitle={Data Mining, 2008. ICDM'08. Eighth IEEE International Conference on},
  pages={1109--1114},
  year={2008},
  organization={IEEE}}



@article{wang2010privacy,
  title={Privacy-preserving data publishing: A survey on recent developments},
  author={Wang, K and Chen, R and Fung, BC and Yu, PS},
  journal={ACM Computing Surveys},
  year={2010}
}

@article{el2009globally,
  title={A globally optimal k-anonymity method for the de-identification of health data},
  author={El Emam, Khaled and Dankar, Fida Kamal and Issa, Romeo and Jonker, Elizabeth and Amyot, Daniel and Cogo, Elise and Corriveau, Jean-Pierre and Walker, Mark and Chowdhury, Sadrul and Vaillancourt, Regis and others},
  journal={Journal of the American Medical Informatics Association},
  volume={16},
  number={5},
  pages={670--682},
  year={2009},
  publisher={BMJ Group BMA House, Tavistock Square, London, WC1H 9JR}
}

@inproceedings{aggarwal2005k,
  title={On k-anonymity and the curse of dimensionality},
  author={Aggarwal, Charu C},
  booktitle={Proceedings of the 31st international conference on Very large data bases},
  pages={901--909},
  year={2005},
  organization={VLDB Endowment}
}

@online{datarevo,
	author = {Ben Rossi},
	title = {Data revolution: the gold rush of the 21st century},
	date = {21.August.2015},
	url = {http://www.information-age.com/data-revolution-gold-rush-21st-century-2-123460039/},
}

@article{sweeney2002k,
	title={k-anonymity: A model for protecting privacy},
	author={Sweeney, Latanya},
	journal={International Journal of Uncertainty, Fuzziness and Knowledge-Based Systems},
	volume={10},
	number={05},
	pages={557--570},
	year={2002},
	publisher={World Scientific}
}

@article{sweeney2002achieving,
	title={Achieving k-anonymity privacy protection using generalization and suppression},
	author={Sweeney, Latanya},
	journal={International Journal of Uncertainty, Fuzziness and Knowledge-Based Systems},
	volume={10},
	number={05},
	pages={571--588},
	year={2002},
	publisher={World Scientific}
}

@inproceedings{ldiversity,
	title={l-diversity: Privacy beyond k-anonymity},
	author={Machanavajjhala, Ashwin and Gehrke, Johannes and Kifer, Daniel and Venkitasubramaniam, Muthuramakrishnan},
	booktitle={Data Engineering, 2006. ICDE'06. Proceedings of the 22nd International Conference on},
	pages={24--24},
	year={2006},
	organization={IEEE}
}

@inproceedings{li2007t,
	title={t-closeness: Privacy beyond k-anonymity and l-diversity},
	author={Li, Ninghui and Li, Tiancheng and Venkatasubramanian, Suresh},
	booktitle={Data Engineering, 2007. ICDE 2007. IEEE 23rd International Conference on},
	pages={106--115},
	year={2007},
	organization={IEEE}
}

@article{maheshwarkar2011privacy,
	title={Privacy issues for k-anonymity model},
	author={Maheshwarkar, Nidhi and Pathak, Kshitij and Chourey, Vivekanand},
	journal={International Journal of Engineering Research and Application},
	volume={1},
	number={4},
	pages={1857--1861},
	year={2011}
}
@inproceedings{meyerson2004complexity,
	title={On the complexity of optimal k-anonymity},
	author={Meyerson, Adam and Williams, Ryan},
	booktitle={Proceedings of the twenty-third ACM SIGMOD-SIGACT-SIGART symposium on Principles of database systems},
	pages={223--228},
	year={2004},
	organization={ACM}
}

@article{rubner2000earth,
	title={The earth mover's distance as a metric for image retrieval},
	author={Rubner, Yossi and Tomasi, Carlo and Guibas, Leonidas J},
	journal={International journal of computer vision},
	volume={40},
	number={2},
	pages={99--121},
	year={2000},
	publisher={Springer}
}

@article{kullback1951,
	author = "Kullback, S. and Leibler, R. A.",
	doi = "10.1214/aoms/1177729694",
	fjournal = "The Annals of Mathematical Statistics",
	journal = "Ann. Math. Statist.",
	month = "03",
	number = "1",
	pages = "79--86",
	publisher = "The Institute of Mathematical Statistics",
	title = "On Information and Sufficiency",
	url = "https://doi.org/10.1214/aoms/1177729694",
	volume = "22",
	year = "1951"
}
@article{microdatapdf,
	title={Micro data and general equilibrium models},
	author={Browning, Martin and Hansen, Lars Peter and Heckman, James J},
	journal={Handbook of macroeconomics},
	volume={1},
	pages={543--633},
	year={1999},
	publisher={Elsevier}
}
@online{microdataweb,
	ALTauthor = {Minnesota Population Center, University of Minnesota},
	ALTeditor = {editor},
	title = {IPUMSl-Confidentiality},
	date = {2007-08-23},
	url = {https://web.archive.org/web/20070823010133/}
}
@article{dalenius1986finding,
	title={Finding a needle in a haystack or identifying anonymous census records},
	author={Dalenius, Tore},
	journal={Journal of official statistics},
	volume={2},
	number={3},
	pages={329},
	year={1986},
	publisher={Statistics Sweden (SCB)}
}


@article{Dalenius1977,
	added-at = {2013-03-25T19:03:53.000+0100},
	author = {Dalenius, Tore},
	biburl = {https://www.bibsonomy.org/bibtex/2a6ff1ff0735e4efb017a100a275f4b9f/privtec},
	interhash = {c3374a66a20f1a21a641bac0993d24d2},
	intrahash = {a6ff1ff0735e4efb017a100a275f4b9f},
	journal = {Statistik Tidskrift},
	keywords = {},
	owner = {jonny},
	pages = {429--444},
	timestamp = {2013-03-25T22:11:36.000+0100},
	title = {{T}owards a methodology for statistical disclosure control},
	volume = 15,
	year = 1977
}

@incollection{dwork2011differential,
	title={Differential privacy},
	author={Dwork, Cynthia},
	booktitle={Encyclopedia of Cryptography and Security},
	pages={338--340},
	year={2011},
	publisher={Springer}
}

@inproceedings{li2006achieving,
	title={Achieving k-anonymity by clustering in attribute hierarchical structures},
	author={Li, Jiuyong and Wong, Raymond Chi-Wing and Fu, Ada Wai-Chee and Pei, Jian},
	booktitle={International Conference on Data Warehousing and Knowledge Discovery},
	pages={405--416},
	year={2006},
	organization={Springer}
}
@inproceedings{domingo2008critique,
	title={A critique of k-anonymity and some of its enhancements},
	author={Domingo-Ferrer, Josep and Torra, Vicen{\c{c}}},
	booktitle={Availability, Reliability and Security, 2008. ARES 08. Third International Conference on},
	pages={990--993},
	year={2008},
	organization={IEEE}
}

@inproceedings{incognito,
	title={Incognito: Efficient full-domain k-anonymity},
	author={LeFevre, Kristen and DeWitt, David J and Ramakrishnan, Raghu},
	booktitle={Proceedings of the 2005 ACM SIGMOD international conference on Management of data},
	pages={49--60},
	year={2005},
	organization={ACM}
}